@ONLINE {win-dpi,
    title = "DPI and Device-Independent Pixels",
    url   = "https://docs.microsoft.com/en-us/windows/win32/learnwin32/dpi-and-device-independent-pixels"
}
@ONLINE {wiki-va,
    title = "Visual acuity",
    url   = "https://en.wikipedia.org/wiki/Visual_acuity#Definition"
}
@ONLINE {extron,
    title = "Font Size and Legibility for Videowall Content",
    url   = "https://www.extron.com/article/videowallfontsize"
}
@ONLINE {build,
    title = "Display Scaling: What It Is and What You Need to Know About it to Have Great Visuals",
    url   = "https://channel9.msdn.com/Events/Build/2015/2-63"
}
@ONLINE {leserlich,
    title = "Font size calculator",
    url   = "https://www.leserlich.info/werkzeuge/schriftgroessenrechner/index-en.php"
}